<?xml version="1.0" encoding = "UTF-8"?>
<collection xmlns="http://www.loc.gov/MARC21/slim">
<record>
  <leader>00741cam a2200265zi 4500</leader>
  <controlfield tag="001">58034</controlfield>
  <controlfield tag="005">20120402120429.0</controlfield>
  <controlfield tag="008">880712suuuu    fi |||||||||||||||||fin||</controlfield>
  <datafield tag="020" ind1=" " ind2=" ">
    <subfield code="a">951-30-6771-8 (sid.) :</subfield>
    <subfield code="c">101 mk</subfield>
  </datafield>
  <datafield tag="041" ind1="1" ind2=" ">
    <subfield code="a">fin</subfield>
    <subfield code="h">swe</subfield>
  </datafield>
  <datafield tag="080" ind1=" " ind2=" ">
    <subfield code="a">619</subfield>
  </datafield>
  <datafield tag="100" ind1="1" ind2=" ">
    <subfield code="a">Wikstr&#xF6;m, Birgitta.</subfield>
  </datafield>
  <datafield tag="240" ind1="1" ind2="0">
    <subfield code="a">&#xC4;r hunden sjuk?</subfield>
  </datafield>
  <datafield tag="245" ind1="1" ind2="0">
    <subfield code="a">Onko koira sairas? /</subfield>
    <subfield code="c">Birgitta Wikstr&#xF6;m ; [suom. Tuula Syv&#xE4;nper&#xE4;].</subfield>
  </datafield>
  <datafield tag="250" ind1=" " ind2=" ">
    <subfield code="a">2., t&#xE4;ysin uud. p.</subfield>
  </datafield>
  <datafield tag="260" ind1=" " ind2=" ">
    <subfield code="a">Hki :</subfield>
    <subfield code="b">Tammi,</subfield>
    <subfield code="c">1988</subfield>
    <subfield code="f">(Painokaari)</subfield>
  </datafield>
  <datafield tag="300" ind1=" " ind2=" ">
    <subfield code="a">161 s. :</subfield>
    <subfield code="b">kuv. ;</subfield>
    <subfield code="c">20 cm.</subfield>
  </datafield>
  <datafield tag="336" ind1=" " ind2=" ">
    <subfield code="a">Teksti</subfield>
  </datafield>
  <datafield tag="337" ind1=" " ind2=" ">
    <subfield code="a">ei v&#xE4;litt&#xE4;v&#xE4;&#xE4; laitetta</subfield>
  </datafield>
  <datafield tag="490" ind1="1" ind2=" ">
    <subfield code="a">T-kirjat</subfield>
  </datafield>
  <datafield tag="500" ind1=" " ind2=" ">
    <subfield code="a">1. p. 1974</subfield>
  </datafield>
  <datafield tag="650" ind1=" " ind2="7">
    <subfield code="a">koira</subfield>
    <subfield code="2">ysa</subfield>
  </datafield>
  <datafield tag="650" ind1=" " ind2="7">
    <subfield code="a">el&#xE4;intaudit</subfield>
    <subfield code="2">ysa</subfield>
  </datafield>
  <datafield tag="700" ind1="1" ind2=" ">
    <subfield code="a">Syv&#xE4;nper&#xE4;, Tuula.</subfield>
  </datafield>
  <datafield tag="830" ind1=" " ind2="0">
    <subfield code="a">T-kirjat</subfield>
  </datafield>
</record>