
<record>
  <leader>00519cam a2200205zi 4500</leader>
  <controlfield tag="001">592051</controlfield>
  <controlfield tag="005">20120402193410.0</controlfield>
  <controlfield tag="008">980403s1892    fi ||||jr|||||||||f|fin||</controlfield>
  <datafield tag="015" ind1=" " ind2=" ">
    <subfield code="a">f416818</subfield>
    <subfield code="2">skl</subfield>
  </datafield>
  <datafield tag="041" ind1="0" ind2=" ">
    <subfield code="a">fin</subfield>
  </datafield>
  <datafield tag="080" ind1=" " ind2=" ">
    <subfield code="a">894.541</subfield>
    <subfield code="x">-3</subfield>
    <subfield code="x">(024.7)</subfield>
  </datafield>
  <datafield tag="245" ind1="0" ind2="0">
    <subfield code="a">Kulmalan Santeri ja Jalo koira.</subfield>
  </datafield>
  <datafield tag="250" ind1=" " ind2=" ">
    <subfield code="a">4. p.</subfield>
  </datafield>
  <datafield tag="260" ind1=" " ind2=" ">
    <subfield code="a">Turku :</subfield>
    <subfield code="b">G. W. Wile&#x301;n,</subfield>
    <subfield code="c">1892.</subfield>
  </datafield>
  <datafield tag="300" ind1=" " ind2=" ">
    <subfield code="a">15 s. ;</subfield>
    <subfield code="c">16:o.</subfield>
  </datafield>
  <datafield tag="336" ind1=" " ind2=" ">
    <subfield code="a">Teksti</subfield>
  </datafield>
  <datafield tag="337" ind1=" " ind2=" ">
    <subfield code="a">ei v&#xE4;litt&#xE4;v&#xE4;&#xE4; laitetta</subfield>
  </datafield>
  <datafield tag="490" ind1="1" ind2=" ">
    <subfield code="a">Lasten kirjasto;</subfield>
    <subfield code="v">17</subfield>
  </datafield>
  <datafield tag="830" ind1=" " ind2="0">
    <subfield code="a">Lasten kirjasto;</subfield>
    <subfield code="v">17</subfield>
  </datafield>
  <datafield tag="904" ind1=" " ind2=" ">
    <subfield code="a">t</subfield>
  </datafield>
</record>