
<record>
  <leader>00689cam a2200169zi 4500</leader>
  <controlfield tag="001">591331</controlfield>
  <controlfield tag="005">20120402193341.0</controlfield>
  <controlfield tag="008">980327s1892    fi |||||||||||||||||fin||</controlfield>
  <datafield tag="015" ind1=" " ind2=" ">
    <subfield code="a">f417002</subfield>
    <subfield code="2">skl</subfield>
  </datafield>
  <datafield tag="041" ind1="1" ind2=" ">
    <subfield code="a">fin</subfield>
    <subfield code="h">und</subfield>
  </datafield>
  <datafield tag="100" ind1="1" ind2=" ">
    <subfield code="a">Gr&#xF6;ndahl, Karl Immanuel.</subfield>
  </datafield>
  <datafield tag="245" ind1="1" ind2="0">
    <subfield code="a">Kotiel&#xE4;inten l&#xE4;&#xE4;k&#xE4;ri :</subfield>
    <subfield code="b">neuvoja, kuinka hevonen, nautael&#xE4;in, lammas, sika ja koira on kasvatettava, hoidettava ja ruokittava ja kuinka voidaan tuntea ja parantaa niiss&#xE4; ilmestyvi&#xE4; tavallisimpia tauteja : Rohlwes'in y. m. mukaan soviteltu /</subfield>
    <subfield code="c">Karl Immanuel Gr&#xF6;ndahl. suom. A. Dahlberg.</subfield>
  </datafield>
  <datafield tag="260" ind1=" " ind2=" ">
    <subfield code="a">Tampere :</subfield>
    <subfield code="b">Olan,</subfield>
    <subfield code="c">1892.</subfield>
  </datafield>
  <datafield tag="300" ind1=" " ind2=" ">
    <subfield code="a">232 s.</subfield>
  </datafield>
  <datafield tag="336" ind1=" " ind2=" ">
    <subfield code="a">Teksti</subfield>
  </datafield>
  <datafield tag="337" ind1=" " ind2=" ">
    <subfield code="a">ei v&#xE4;litt&#xE4;v&#xE4;&#xE4; laitetta</subfield>
  </datafield>
  <datafield tag="700" ind1="1" ind2=" ">
    <subfield code="a">Dahlberg, A.</subfield>
  </datafield>
</record>