
<record>
  <leader>01003nad a22002894i 4500</leader>
  <controlfield tag="001">1018103</controlfield>
  <controlfield tag="005">20130207142015.0</controlfield>
  <controlfield tag="007">cr gn mmmmaabp</controlfield>
  <controlfield tag="007">cr gn mmmmaada</controlfield>
  <controlfield tag="008">121214s1899    fi |||||||||||||||||swe| </controlfield>
  <datafield tag="015" ind1=" " ind2=" ">
    <subfield code="a">fd2012-pp00000234</subfield>
    <subfield code="2">skl</subfield>
  </datafield>
  <datafield tag="024" ind1="7" ind2=" ">
    <subfield code="a">URN:NBN:fi-fd2012-pp00000234</subfield>
    <subfield code="2">urn</subfield>
  </datafield>
  <datafield tag="041" ind1="0" ind2=" ">
    <subfield code="a">swe</subfield>
  </datafield>
  <datafield tag="100" ind1="1" ind2=" ">
    <subfield code="a">Reuter, O. M.</subfield>
  </datafield>
  <datafield tag="245" ind1="1" ind2="0">
    <subfield code="a">Tasso.</subfield>
  </datafield>
  <datafield tag="260" ind1=" " ind2=" ">
    <subfield code="a">[S.l.] :</subfield>
    <subfield code="b">[s.n.],</subfield>
    <subfield code="c">1899.</subfield>
  </datafield>
  <datafield tag="300" ind1=" " ind2=" ">
    <subfield code="a">4 s. :</subfield>
    <subfield code="c">14 x 22 cm.</subfield>
  </datafield>
  <datafield tag="336" ind1=" " ind2=" ">
    <subfield code="a">Teksti</subfield>
  </datafield>
  <datafield tag="337" ind1=" " ind2=" ">
    <subfield code="a">elektroninen</subfield>
  </datafield>
  <datafield tag="533" ind1=" " ind2=" ">
    <subfield code="a">Digitaalinen j&#xE4;ljenne.</subfield>
    <subfield code="b">Mikkeli :</subfield>
    <subfield code="c">Kansalliskirjasto, Digitointi- ja konservointikeskus.</subfield>
    <subfield code="d">20121214.</subfield>
    <subfield code="f">(ephemera).</subfield>
    <subfield code="n">J&#xE4;lkik&#xE4;sittely: minimi</subfield>
  </datafield>
  <datafield tag="650" ind1=" " ind2="7">
    <subfield code="a">el&#xE4;imet</subfield>
    <subfield code="z">oikeudet</subfield>
    <subfield code="2">ysa</subfield>
  </datafield>
  <datafield tag="650" ind1=" " ind2="7">
    <subfield code="a">el&#xE4;insuojelu</subfield>
    <subfield code="2">ysa</subfield>
  </datafield>
  <datafield tag="650" ind1=" " ind2="7">
    <subfield code="a">koira</subfield>
    <subfield code="2">ysa</subfield>
  </datafield>
  <datafield tag="655" ind1=" " ind2="7">
    <subfield code="a">kirjoitelmat</subfield>
    <subfield code="2">ysa</subfield>
  </datafield>
  <datafield tag="773" ind1="0" ind2=" ">
    <subfield code="7">nnpc</subfield>
    <subfield code="i">Pienpainatekokoelma</subfield>
    <subfield code="t">El&#xE4;insuojelu</subfield>
    <subfield code="o">fdpp2011007</subfield>
  </datafield>
  <datafield tag="776" ind1="0" ind2=" ">
    <subfield code="i">Alkuper&#xE4;iskappale</subfield>
    <subfield code="n">Sijainti: KANSALLISKOKOELMA, Signum: Pienpainatekokoelma VII</subfield>
    <subfield code="o">1201014242</subfield>
  </datafield>
  <datafield tag="856" ind1="4" ind2="0">
    <subfield code="u">http://urn.fi/URN:NBN:fi-fd2012-pp00000234</subfield>
  </datafield>
</record>