
<record>
  <leader>00330cam a22001213i 4500</leader>
  <controlfield tag="001">430220</controlfield>
  <controlfield tag="005">20120402173943.0</controlfield>
  <controlfield tag="008">950620q1900uuuuxx |||||||||||||||||   ||</controlfield>
  <datafield tag="100" ind1="1" ind2=" ">
    <subfield code="a">Doyle, Arthur Conan,</subfield>
    <subfield code="c">puuteluettelotieto.</subfield>
  </datafield>
  <datafield tag="245" ind1="1" ind2="0">
    <subfield code="a">Baskervillen koira.</subfield>
  </datafield>
  <datafield tag="336" ind1=" " ind2=" ">
    <subfield code="a">Teksti</subfield>
  </datafield>
  <datafield tag="337" ind1=" " ind2=" ">
    <subfield code="a">ei v&#xE4;litt&#xE4;v&#xE4;&#xE4; laitetta</subfield>
  </datafield>
  <datafield tag="500" ind1=" " ind2=" ">
    <subfield code="a">Kevytt&#xE4; lukemista, 46-53.</subfield>
  </datafield>
</record>