
<record>
  <leader>00654cam a22001932i 4500</leader>
  <controlfield tag="001">612860</controlfield>
  <controlfield tag="005">20120402195530.0</controlfield>
  <controlfield tag="008">981013s1900    fi |||||r|||||||||||fin||</controlfield>
  <datafield tag="015" ind1=" " ind2=" ">
    <subfield code="a">f419537</subfield>
    <subfield code="2">skl</subfield>
  </datafield>
  <datafield tag="041" ind1="1" ind2=" ">
    <subfield code="a">fin</subfield>
    <subfield code="h">swe</subfield>
  </datafield>
  <datafield tag="100" ind1="1" ind2=" ">
    <subfield code="a">Seyfferth, A.</subfield>
  </datafield>
  <datafield tag="245" ind1="1" ind2="0">
    <subfield code="a">Koira, sen rakenne ja sis&#xE4;elimet :</subfield>
    <subfield code="b">havaannollinen esitys sanoin ja kuvin /</subfield>
    <subfield code="c">A. Seyfferth ; suom. O. Kuusinen.</subfield>
  </datafield>
  <datafield tag="260" ind1=" " ind2=" ">
    <subfield code="a">Porvoo :</subfield>
    <subfield code="b">WSOY,</subfield>
    <subfield code="c">1900.</subfield>
  </datafield>
  <datafield tag="300" ind1=" " ind2=" ">
    <subfield code="a">36 s. :</subfield>
    <subfield code="b">kuv. ;</subfield>
    <subfield code="c">4:o.</subfield>
  </datafield>
  <datafield tag="336" ind1=" " ind2=" ">
    <subfield code="a">Teksti</subfield>
  </datafield>
  <datafield tag="337" ind1=" " ind2=" ">
    <subfield code="a">ei v&#xE4;litt&#xE4;v&#xE4;&#xE4; laitetta</subfield>
  </datafield>
  <datafield tag="500" ind1=" " ind2=" ">
    <subfield code="a">O. M. Reuter'in ruotsalaisesta muodostelusta suomennettu. - 72 palstaa ja 5 p&#xE4;&#xE4;lletysten laskettavaa kuvaa</subfield>
  </datafield>
  <datafield tag="700" ind1="1" ind2=" ">
    <subfield code="a">Kuusinen, O.</subfield>
  </datafield>
  <datafield tag="904" ind1=" " ind2=" ">
    <subfield code="a">p</subfield>
  </datafield>
</record>
</collection>
